\bibligraphystyle{IEEEtran}

\begin{thebibliography}{9}

\bibitem{Russinovich}
Mark Russinovich, David Solomon, Alex Ionescu.
\textit{Windows Internals, Part 1 6/e}. Microsoft Press, 2012.


\bibitem{Kirk}
Marshall Kirk Mc Cusick, George V. Neville-Neil.
\textit{Design and Implementation of the FreeBSD Operating System 2/e}. Addison-Wesley, Reading, 2015.

\end{thebibliography}
