@book{[1],
    title={Windows Internals, Part 1 6/e},
    author={Mark Russinovich, David Solomon and Alex Ionescu},
    year={2012},
    publisher={Microsoft Press},
}

@book{[2],
    title={Design and Implementation of the FreeBSD Operating System 2/e},
    author={Marshall Kirk McCusick and Gerorge V. Neville-Neil},
    year={2015},
    publisher={Addison-Wesley},
}



